2389 2791
1165 40 1204 100 4

208 210 443 252 auctores
481 209 571 250 aut
602 216 670 249 ne
703 201 831 262 fingi·
862 198 1075 264 quidem
1112 202 1278 250 salvis.
1293 201 1565 262 analogiae
1592 199 1799 262 legibus
1832 209 2023 264 potest.
2036 201 2165 250 --Sed

207 271 274 318 de
306 270 478 332 primo
508 269 621 329 jam
642 268 870 315 Wolfius
907 267 1402 331 disputavithnall.
1435 267 1493 314 Τ.
1527 266 1598 313 ΙΙ.
1632 270 1745 314 507.
1822 267 2182 315 Herodiano„

208 352 333 401 que,
395 336 485 398 qui
530 332 666 411 2.ch
681 349 777 396 pro
823 337 951 394 λιτῷ
997 334 1320 396 subrepsisse
1361 340 1639 397 propterea
1685 332 1973 392 statuebat,
2000 333 2166 397 quod

208 414 356 462 nulla
387 425 495 459 vox
529 413 586 458 in
618 429 666 464 ις
701 411 982 458 terminata
1009 400 1162 474 per?
1199 410 1573 468 declinaretur,
1607 407 1979 473 responditid
2023 410 2166 474 quod

210 480 541 528 Ptolemaeus
578 478 803 525 sensisse
839 477 1073 535 videtur,
1117 478 1285 542 multa
1310 472 1434 525 'esse
1466 476 1718 525 vocabula
1744 474 1957 557 μονήρη
1994 491 2165 540 neque

209 544 495 609 quidquam
533 543 744 592 obstare
779 543 1058 605 quominus
1089 546 1146 593 in
1182 543 1282 591 hoc
1312 557 1529 591 numero
1557 543 1957 602 referamnus,
1993 542 2163 598 λιτάς.

208 610 684 675 Sequitur-ovcida.
753 609 836 657 De
871 623 972 673 quo
1009 611 1179 659 Draco
1216 624 1321 658 nos
1361 608 1512 658 docet
1543 625 1593 673 p.
1639 613 1751 659 103.
1775 611 2009 659 'nomina
2052 625 2166 659 mo·

209 678 488 739 nosyllaba
525 678 718 738 ἀπαθῆ
757 684 809 724 et
844 676 1402 740 ἀπαρασχήματιστα,
1443 691 1575 740 quae
1617 676 1896 741 ancipitem
1934 678 2166 725 contine*

211 752 319 803 ant,
357 759 472 791 eam
493 743 799 808 productam
836 742 1054 802 habere,
1083 750 1298 806 excepto
1315 744 1627 806 pronomine
1659 741 1860 798 τίς;·-τὸ
1894 741 1955 792 δὲ
1985 741 2165 792 στάδα

210 810 411 876 λίμνην
441 808 479 872 ἢ
512 809 687 858 κλάδοι
721 807 1134 873 χρυσεόκαρπον
1169 809 1274 870 οὐχ
1307 809 1413 863 ἕξει
1445 807 1570 857 τινὰ
1587 808 1776 865 ὀξεῖαν
1796 808 1922 864 στοὶς
1956 809 1991 872 ἦ
2011 808 2163 864 κλάς·

208 873 591 941 μεταπλασμοὶ
632 873 737 941 γάρ
784 874 915 933 εἶσι,
969 891 1113 938 quae·
1159 876 1341 924 eadem
1368 877 1632 938 -leguntur
1670 891 1723 940 p.
1769 879 1848 924 36.
1905 883 1958 923 et
1990 878 2165 925 minus

210 946 368 1009 plene
401 945 459 991 in
492 943 698 1004 Regulis
732 942 941 1005 prosod.
979 942 1044 989 ab
1077 943 1387 991 Hermanno
1423 942 1577 991 editis
1611 959 1661 1007 p.
1699 946 1814 992 433.
1851 968 1854 971 ⁴
1890 942 1966 991 Hi
2005 944 2165 1006 igitur

213 1027 372 1074 quum
402 1010 787 1057 intellexissent
820 1009 1203 1057 nominativum
1234 1007 1378 1066 στάς,
1409 1010 1456 1056 si
1498 1007 1671 1058 brevis
1706 1016 1857 1067 esset,
1892 1011 2166 1072 analogiae

214 1077 499 1133 adversari,
534 1077 576 1122 si
613 1076 764 1122 aliter
797 1090 853 1122 se
887 1075 1128 1134 haberet,
1165 1091 1273 1124 non
1315 1089 1470 1137 posse
1511 1075 1791 1125 bibrevem·
1813 1078 2165 1126 accusativum

215 1158 284 1190 ex
317 1158 373 1190 se
406 1143 739 1206 progignere,
780 1141 848 1189 ad
881 1142 1196 1202 metaplasin
1225 1141 1420 1201 relapsi
1452 1150 1597 1200 sunt,
1634 1145 1766 1204 quae
1811 1143 2036 1190 fortasse
2071 1142 2163 1190 ad-

215 1210 388 1256 hiberi
419 1215 595 1271 potest
632 1206 943 1269 explicando
976 1205 1139 1254 κλαδί
1171 1214 1224 1254 et
1259 1204 1450 1262 κλάδοι,
1485 1207 1578 1255 sed
1613 1207 1681 1256 ad
1716 1205 1894 1257 στᾶδα
1927 1216 2037 1256 tum
2075 1208 2165 1257 de-

214 1291 359 1324 mum
396 1275 700 1321 conveniret
733 1274 779 1319 si
807 1272 1149 1320 masculinum
1185 1271 1384 1324 στάδος
1425 1280 1516 1319 aut
1549 1275 1733 1321 saltem
1769 1275 1962 1322 similia
2009 1290 2165 1337 quaea-

216 1341 339 1389 dam
377 1356 426 1388 v.
473 1356 512 1388 c.
561 1336 835 1402 ἄμῳαδος,
884 1336 1153 1403 ἒμβαδοςὶ
1200 1335 1534 1398 αὐτόσχεδος
1574 1340 1630 1386 in
1673 1340 2166 1403 mediumproferri

213 1407 509 1471 possent4).
579 1405 693 1451 Imo
728 1404 942 1451 fuerunt
977 1406 1064 1465 qui
1100 1407 1294 1452 omisso
1325 1406 1654 1466 metaplasmi
1685 1406 2164 1468 praetextuotdd‘oe

215 1489 284 1523 ex
314 1471 555 1523 εὔσταδα
588 1478 884 1533 corruptum
921 1469 1153 1518 dicerent
1196 1470 1378 1520 eadem
1414 1471 1618 1518 ratione
1663 1487 1765 1537 qua
1806 1471 2015 1537 ἠνορέη·
2042 1482 2164 1537 post

217 1538 475 1602 εὐηνορέη
524 1539 785 1586 extitisset
825 1536 1019 1582 Anecd.
1056 1552 1106 1598 p.
1155 1539 1300 1583 1242.
1347 1536 1410 1582 cf.
1455 1537 1627 1597 Etym.
1669 1541 1738 1587 M.
1781 1543 1900 1597 432,
1939 1543 2019 1586 35.
2086 1541 2163 1589 Ac

215 1609 391 1656 nescio
439 1620 507 1652 an
549 1604 676 1652 haec
715 1604 879 1665 ipsius
921 1601 1191 1665 Apollonii
1244 1603 1506 1650 sententia
1557 1604 1718 1653 fuerit
1766 1608 1854 1669 qui
1906 1606 2163 1668 simplicia

213 1672 427 1737 η’νορέη,
466 1669 657 1733 σαφής,
692 1667 917 1734 ψευδής,
956 1673 1202 1732 φρονεῖν,
1238 1672 1715 1721 non,antecessisse
1739 1673 2037 1735 compositis
2068 1674 2162 1722 sed

217 1741 285 1788 ad
319 1754 497 1786 eorum
535 1738 832 1798 exemplum
866 1736 984 1782 ficta
1019 1751 1132 1782 esse
1166 1736 1349 1782 statuit
1380 1734 1446 1781 de
1482 1734 1630 1797 Conj.
1674 1753 1724 1800 p.
1754 1742 1869 1786 499.
1916 1738 1980 1785 de
2025 1738 2159 1788 Adv.

214 1823 266 1873 p.
302 1808 417 1854 546.
462 1803 663 1852 duabus
705 1802 796 1851 ille
839 1801 1130 1870 rationibus
1175 1802 1349 1860 nixuS‚
1397 1815 1614 1865 quarum
1660 1819 1763 1854 una
1804 1805 1869 1855 ab
1916 1804 2161 1869 epithetis

270 2097 312 2152 ⁴)
348 2091 772 2192 ἷίμφὸιέοςᾷἒὸζιιᾳὰ
790 2096 1420 2167 Lexicographi‘recentiores
1440 2104 1737 2166 supponunt&
1754 2098 1910 2140 nititur
1929 2095 2155 2143 homerico

281 2259 286 2262 ,
351 2163 476 2247 333.
496 2179 573 2246 2021
594 2220 637 2258 p.
658 2152 2160 2264 14⁶{?¹⁵·0‘.f252*33133353352“.323322²3122532553233.5333222232331

351 2258 493 2307 natast
514 2257 564 2299 ἐκ
585 2258 670 2299 τοῦ
692 2257 968 2314 ἀναφανδόν
990 2259 1363 2314 ἓπιῤῥηματικοῦ
1380 2257 1624 2314 ὀνόματος.
1679 2262 1957 2317 AdJectivum
1984 2263 2159 2317 χανδός

349 2314 564 2356 adversus
585 2312 906 2358 Schneiderum
925 2324 1074 2358 tuetur
1101 2314 1338 2358 Jacobsius
1368 2315 1422 2356 ad
1448 2316 1586 2360 Anth.
1614 2316 1708 2360 Pal.
1736 2334 1778 2373 p.
1807 2320 1905 2362 959.
1939 2317 2159 2372 Εμβαδός

350 2369 516 2411 caduca
538 2368 769 2411 Graecitas
789 2372 1020 2426 usurpavit
1043 2371 1122 2418 sed
1141 2370 1234 2413 alio
1250 2369 1522 2426 significatu.
1577 2373 1632 2416 ln
1649 2382 1837 2429 utroque
1865 2383 2066 2418 remanet
2085 2386 2159 2417 ac·

348 2432 503 2468 centus
524 2423 851 2468 adverbiorum.
1621 2443 1624 2446 ·
2055 2431 2074 2450 ·
