2389 2791
255 930 470 1019 Restat
499 970 805 1034 disceptatio
841 969 1113 1018 nominum
1150 968 1207 1016 in
1232 967 1457 1019 literam
1467 966 1514 1016 N
1546 966 1966 1027 termina'ntium3
1999 984 2100 1032 quo
2136 982 2202 1015 ex

262 1054 450 1101 genere
489 1038 628 1101 quod
662 1039 786 1084 olim
824 1036 1112 1084 memoravi
1144 1033 1377 1096 ἄπτῆσιν
1413 1033 1688 1098 τέκεσινῐ)
1730 1035 1789 1082 in
1830 1035 1999 1083 Eueni
2028 1034 2203 1099 Epigr.

258 1105 406 1153 XIII.
442 1120 579 1151 nunc
613 1106 824 1160 omitto,
859 1103 1105 1164 quoniam
1143 1116 1205 1147 ea
1239 1110 1318 1148 est
1350 1101 1597 1149 Brunckii
1632 1100 1946 1149 emendatio
1969 1117 2080 1149 non
2113 1100 2205 1148 ad-

259 1170 474 1220 modum
511 1170 819 1219 necessaria.
890 1169 959 1215 ln
992 1168 1291 1215 universum
1311 1166 1468 1215 valet
1484 1164 1778 1233 Herodiani
1813 1167 1993 1232 regula
2009 1165 2203 1234 Anecd.

262 1247 377 1296 Ind.
413 1263 491 1325 p—
503 1246 648 1294 1385.
682 1262 727 1293 a.
764 1244 838 1298 εἷς
873 1262 952 1292 ων
987 1243 1279 1306 οὐδέτερον
1304 1242 1596 1315 μονογενὲς
1612 1244 1661 1309 ²)
1696 1243 1740 1307 ἦ
1762 1244 1836 1299 εἷς
1865 1262 1945 1308 ην
1968 1245 2003 1307 ἤ
2035 1228 2204 1298 ειςχαν

261 1326 296 1387 ἧ
329 1325 402 1376 εἰς
439 1344 497 1371 εν
538 1325 574 1385 ἦ
621 1323 695 1375 εἷς
750 1341 805 1370 ιν
853 1321 886 1383 ἤ
920 1321 994 1374 εἷς
1034 1340 1104 1368 υν
1148 1320 1247 1369 οὐκ
1302 1323 1451 1369 ἐστιν
1483 1323 1695 1381 ευρεῖν·
1730 1320 1796 1369 τὸ
1832 1321 1936 1387 γὰρ
1968 1321 2204 1386 ἷθύτρην·

264 1389 409 1454 παρα
437 1388 751 1451 Ἐπιχάρμῳ
793 1386 1120 1450 βεβίασται·
1167 1386 1306 1450 quod
1341 1402 1435 1450 pro
1481 1385 1774 1448 ἰθύτρητον
1816 1390 2044 1452 positum
2091 1404 2203 1436 esse

262 1459 486 1505 videtur.
554 1457 808 1518 Obliquus
846 1469 992 1501 casus
1027 1452 1405 1515 λασιαύχενος
1398 1451 1614 1517 ἄντρου
1651 1455 1840 1516 legitur
1867 1457 1924 1503 in
1945 1456 2205 1504 Theocriti

262 1526 437 1587 Epigr.
479 1522 542 1569 V.
586 1523 677 1568 ubi
716 1518 1077 1580 λασιαυχένου
1134 1520 1236 1567 dici
1281 1528 1489 1582 poterat
1539 1528 1596 1566 ut
1640 1518 2016 1582 πολυαύχενον
2070 1540 2206 1584 αιμα

263 1591 434 1640 Nonn.
468 1588 536 1634 II.
571 1592 684 1635 352.
754 1586 858 1633 Sed
891 1586 1032 1634 idem
1070 1600 1224 1633 ausus
1248 1593 1326 1633 est
1343 1586 1602 1648 pedestris
1621 1588 1856 1648 scriptor,
1890 1587 2205 1636 Themistius

268 1657 354 1704 Or.
387 1654 603 1702 XXVII.
641 1657 753 1700 332.
799 1652 858 1699 ἓν
895 1651 1105 1715 ἀφανεῖ
1128 1651 1308 1714 χωρίω
1358 1649 1491 1699 οὐδὲ
1529 1669 1586 1699 εν
1626 1652 1800 1715 ἡμέρῳ
1840 1670 1952 1700 και
1962 1650 2205 1715 ‘'Ei-inm,

266 1723 369 1770 nisi
405 1722 494 1767 1110
506 1754 520 1778 ‚
557 1719 698 1782 quod
732 1719 863 1765 mihi
884 1717 1093 1780 quidem
1130 1733 1275 1765 secus
1295 1717 1528 1776 videtur,
1565 1715 1818 1779 ἑλληνικῷ
1844 1719 2070 1781 scripsit3
2101 1720 2208 1768 Xe-

265 1788 536 1851 nophanes
580 1786 787 1846 Fragm.
826 1784 999 1832 XXII.
1042 1799 1091 1847 p.
1140 1788 1216 1831 75.
1257 1792 1309 1831 et
1356 1779 1626 1847 Philippus
1665 1783 1823 1833 Anth.
1867 1784 2120 1834 Pa1.V11.
2154 1801 2207 1837 11.

267 1859 381 1904 385.
451 1853 777 1901 substantivo
812 1851 1045 1898 neutrius
1081 1847 1285 1911 generis
1323 1849 1608 1899 ἑλλαδικόν
1652 1852 1822 1914 aptius
1864 1852 2208 1902 crediderunt.

263 1923 459 1968 Verum
490 1921 643 1980 longe
678 1918 900 1980 amplius
939 1918 1190 1980 prooessit
1226 1915 1587 1964 Callimachus.
1653 1917 1846 1965 Anecd.
1873 1933 1924 1981 p.
1958 1920 2104 1966 1198.
2135 1937 2205 1980 τῳ

327 2146 365 2200 ⁸)
403 2145 734 2190 Nominativus'
755 2145 921 2203 legitur
960 2145 1075 2201 apud
1111 2144 1447 2188 Grammatico&
1501 2143 1650 2212 Etym.
1687 2143 1753 2188 Μ.
1773 2160 1824 2200 Ρ.
1822 2148 1930 2194 133.
1950 2149 2019 2190 38.
2056 2143 2211 2214 ᾆπτήν

408 2201 514 2253 (scr.
547 2201 753 2255 απτῆνα)
786 2204 868 2255 τήν
900 2202 1096 2253 μηδέπω
1129 2202 1318 2240 πτᾶσαν
1382 2213 1558 2250 παρα
1547 2202 1672 2239 πέτω
1702 2213 1846 2253 τῖε-την
1875 2201 1955 2241 καὶ
1983 2200 2104 2254 πτήν
2118 2199 2212 2243 .ίᾶὶ

409 2256 578 2309 ἀπτή).
636 2255 745 2297 cnm
766 2257 945 2297 nomine
966 2255 1126 2297 fictitio
1151 2253 1290 2305 πέτνν
1310 2251 1590 2294 Phavorinus
1610 2252 1764 2309 Eclog.
1793 2269 1835 2307 Ρ.
1862 2260 1958 2298 219.
1987 2263 2213 2309 comparat

408 2318 744 2353 controversum
763 2310 906 2354 illud
897 2311 1035 2365 gwjv,
1057 2310 1111 2352 de
1128 2320 1278 2371 quov.
1299 2306 1508 2352 Eustash.
1527 2322 1569 2362 Ρ.
1591 2310 1713 2351 1723.
1738 2311 1807 2352 36.

328 2389 369 2446 ²)
409 2390 480 2487 Ιῖια
508 2390 764 2488 eiquuglitur
793 2390 904 2442 πέος
934 2391 983 2435 εἰ
986 2406 1112 2447 χοων
1141 2378 1281 2437 Aridi.
1311 2387 1494 2433 ‘thesin-
1523 2391 1620 2431 644.
1647 2388 1867 2443 :maczoni
1887 2388 2074 2442 νέκταρι
2095 2357 2212 2444 'Ity-

405 2461 432 2500 Ρ
469 2460 512 2488 10
