2389 2791
37 218 249 273 κςάνονι
269 214 571 276 ἀντίκειται
588 214 664 263 τὸ
703 215 880 278 εἷ’ρην·
910 216 1071 268 τόῦτο
1102 215 1206 281 γάρ
1242 217 1272 264 ὅ
1303 213 1654 278 Καλλίμαχος
1687 217 1781 265 διὰ
1816 221 1915 267 τοῦ
1950 225 1983 267 ε

37 286 246 338 ἔκλινεν
280 280 449 334 emtor
482 282 618 333 Am’
661 279 815 332 ἀντὶ
847 282 1158 348 βρεφέων
1200 287 1456 332 πολλων
1515 282 1711 349 (πόλλ’)
1759 284 1985 348 εἰρενα

35 351 404 416 psaawffl),
457 348 551 398 καὶ
595 354 767 396 ταῦτα
812 349 888 411 μή
934 351 1154 411 ἔχοντος
1189 349 1359 397 αυτοῦ
1395 349 1685 411 οὐδετέρου
1708 370 1986 414 παρασχη-

37 407 333 486 ματισμόν.
403 415 600 464 Similis
620 415 965 465 aberrationis
1000 417 1294 479 exemplum
1315 418 1513 463 nullum
1545 418 1728 466 afferre
1756 433 1984 480 possum,

41 475 157 533 sed
165 483 297 532 libet
336 481 434 530 hoc
476 483 592 530 loco
648 482 924 543 singularis
967 482 1234 544 cujusdam
1278 484 1682 545 praeceptioniS,
1743 499 1875 546 quae
1916 487 1986 534 ad

38 551 257 602 nomina
290 550 348 596 in
376 565 446 610 ην
475 554 697 632 spectat,
732 549 1039 596 memoriam
1069 563 1339 597 renovare.
1409 548 1721 596 scholiastes
1749 550 1897 599 Arati
1915 552 1985 600 ad

38 632 89 665 V.
113 619 206 665 ..78
237 612 504 678 διχόμηνι
538 612 729 676 σελήνῃ
766 614 958 664 dictum
987 623 1137 679 putat
1162 611 1294 664 ἀντὶ
1313 619 1415 664 τοῦ
1449 613 1755 678 διχομήνῳ·
1792 617 1856 665 οὐ
1894 618 1989 667 δεῖ

43 680 107 732 δὲ
140 685 264 731 των.
283 686 687 745 μεταπλασμῶν
723 680 1294 746 (μεταπεπλασμένων)
1329 700 1423 735 τας
1458 682 1676 735 εὐθείας
1713 683 1984 746 ἐπιζητεῖν

43 747 216 812 αῗςπερ
249 766 342 797 και
369 747 431 796 τὰ
467 747 859 812 ερυσάρματες·
903 749 1096 811 quibus
1137 763 1348 811 prorsus
1392 751 1723 796 consentiunt
1757 749 1982 798 Choero-

43 814 230 864 boscus
264 813 458 863 Anecd.
503 830 565 878 p.
599 815 746 863 1226.
823 814 1146 863 Theodosius
1183 830 1251 878 p.
1283 816 1428 862 1003.
1459 814 1699 862 Joannes
1745 815 1808 862 de
1852 818 1980 866 Ton.

41 897 113 945 Ρ.
133 884 210 930 11.
243 881 417 942 Etym.
451 881 522 929 M.
555 895 606 943 Ρ.
642 884 754 928 180,
787 883 835 927 4.
872 880 1136 943 διχόμηνι
1168 888 1258 927 aut
1286 895 1351 927 ex
1371 880 1696 942 διχομήνιδι
1721 884 1980 932 concisum

41 955 133 997 aut
165 948 507 1013 metaplasmo
540 948 773 996 effectum
810 962 924 996 esse
953 955 1037 995 ut
1053 944 1419 1013 πολυπαταγι,
1451 945 1756 1011 μελίκρατι,
1786 948 1983 1010 χαλκό-

42 1032 216 1079 κρατι.
282 1014 357 1062 Ac
392 1014 456 1062 de
493 1014 693 1062 duobus
729 1014 956 1076 quidem
973 1015 1251 1093 postremis
1286 1014 1552 1061 vocabulis
1588 1022 1645 1060 ut
1677 1016 1752 1061 ita
1787 1024 1980 1064 statue-

41 1089 175 1139 rent,
204 1079 424 1129 adduxit
452 1096 550 1129 eos
574 1089 826 1138 accentuS‚
863 1096 1041 1143 quem,
1077 1082 1121 1128 si
1155 1082 1358 1143 integra
1392 1088 1567 1127 essent
1599 1080 1876 1140 vocabula,
1923 1086 1980 1131 in

40 1149 332 1211 penultima
370 1147 671 1210 ponendum
714 1147 991 1209 putabant3
1034 1149 1128 1193 illa
1165 1146 1229 1192 de
1275 1146 1539 1208 διχόμηνι
1579 1148 1818 1194 ariolatio
1859 1150 1981 1197 hinc

45 1222 161 1262 orta
194 1213 425 1270 videtnr‚
464 1212 604 1275 quod
641 1228 672 1260 a
705 1213 933 1260 nomine
944 1211 1056 1274 μήν
1091 1212 1256 1260 multa
1299 1220 1515 1260 nossent
1559 1215 1845 1275 composita
1887 1216 1978 1263 ad-

35 1291 232 1352 jectiva
265 1290 328 1337 ἱιι
355 1309 412 1344 ος
446 1297 498 1336 et
532 1307 600 1348 ις,
637 1289 836 1336 nullum
881 1304 1007 1336 vero
1051 1290 1108 1336 in
1141 1283 1226 1352 η-ἰι.
1328 1289 1473 1336 Idem
1508 1287 1895 1338 Choeroboscus
1927 1307 1978 1355 p.

42 1359 191 1404 1267.
218 1356 380 1404 tradit
413 1356 721 1418 Sophoclem
757 1354 940 1409 ω’πλοις
976 1354 1178 1418 ἆρῤωξι
1208 1356 1404 1402 dixisse
1420 1371 1515 1417 pro
1541 1355 1823 1416 ἅόῥήκτοις
1840 1358 1976 1405 κατὰ

40 1419 451 1485 μεταπλασμόν·
486 1422 630 1483 cujus
656 1422 948 1469 sententiae
969 1437 1076 1469 non
1098 1423 1252 1469 aliam
1272 1423 1529 1468 rationem
1555 1421 1717 1468 fuisse
1739 1423 1978 1482 arbitror,

44 1504 198 1552 quam
243 1489 385 1552 qu‘od
435 1490 736 1536 terminatio
779 1489 873 1535 illa
910 1491 966 1536 in
1014 1489 1213 1536 duobus
1253 1489 1515 1550 primariis
1557 1488 1758 1535 casibus
1806 1493 1977 1538 neutri

42 1557 219 1616 generi
251 1555 572 1604 insociabilis
605 1563 697 1601 est.
767 1554 870 1601 Sed
905 1556 1026 1616 quia
1060 1556 1390 1616 metaplasmi
1421 1555 1536 1615 plus
1560 1555 1717 1600 s‘emel
1757 1559 1977 1603 mentio-

41 1637 161 1669 nem
197 1622 431 1678 fecimus,
467 1622 563 1667 hoc
593 1635 754 1682 genus
791 1622 1108 1678 anomaliae,
1155 1620 1294 1683 quod
1340 1619 1478 1682 apud
1508 1630 1724 1666 *veteres
1760 1622 1977 1669 Techni-

42 1703 127 1734 cos
162 1696 434 1749 utramque
468 1688 710 1748 paginam
753 1686 878 1731 facit
906 1688 1180 1748 ²variasque
1216 1687 1572 1732 heteroclisiae
1607 1688 1803 1748 species
1840 1689 1977 1736 (om-

39 1755 309 1817 plectitur,
336 1753 513 1816 paullo
550 1753 832 1799 accuratius
867 1751 1081 1799 definire
1116 1753 1434 1818 conabimur.

177 1845 407 1893 Primum
452 1851 722 1892 occurrunt
759 1859 904 1890 casus
958 1845 1186 1891 anomali
1228 1842 1360 1901 λιτί,
1416 1843 1616 1900 στάδα,
1669 1842 1842 1892 κλύδα
1886 1854 1978 1893 etc.

41 1928 259 1974 quorum
294 1913 647 1961 nominativus
680 1927 776 1974 par
820 1918 872 1957 et
915 1913 1228 1960 conveniens
1266 1920 1354 1959 aut
1391 1927 1499 1959 non
1543 1913 1797 1974 reperitur
1841 1913 1979 1975 apud

44 2164 157 2216 ³)
171 2162 260 2213 Pro
280 2161 367 2205 hnc
383 2142 602 2210 vocabulo
622 2162 758 2205 facile
779 2171 847 2205 est
863 2162 1160 2217 substituere,
1200 2163 1316 2218 quod
1336 2169 1380 2205 et
1398 2161 1606 2219 vulgatae
1627 2162 1772 2206 simile
1800 2171 1844 2204 et
1864 2161 1980 2205 com·

141 2256 143 2258 .
172 2218 361 2272 plendae
381 2220 631 2260 sententiae
652 2227 801 2272 aptum
821 2219 905 2271 sit,
944 2219 1024 2260 sed
1039 2218 1198 2260 nullus
1220 2220 1505 2273 conjecturae
1524 2219 1696 2261 fructus
1716 2219 1815 2259 erit.
1872 2218 1982 2260 For·

46 2300 48 2302 v
90 2309 100 2315 .
172 2282 294 2317 tasse
312 2271 388 2312 hic
407 2286 565 2314 versus
588 2287 717 2326 quem
736 2249 1027 2314 Blomfi’eldus
1062 2287 1087 2313 e
1114 2274 1314 2314 Laseare
1342 2272 1540 2325 addidit,
1568 2270 1624 2314 N.
1654 2269 1935 2315 CCCCXCV
1936 2273 1983 2315 11

172 2327 366 2382 pertinet
385 2326 442 2367 ad
460 2326 636 2396 Fragm.
658 2325 850 2370 CCCIV.
871 2327 1072 2394 μητέρας
1102 2325 1405 2376 ἓξεκένωσαν,
1444 2303 1733 2378 ἑκούφισσάν
1762 2340 1812 2366 τε
1843 2328 1981 2381 marj-

171 2395 267 2430 νας,
288 2381 402 2435 quod
422 2380 540 2427 ille
522 2382 602 2422 επὶ
623 2384 715 2422 τῶν
691 2379 1053 2446 -ἅπολομένων
1061 2381 1242 2436 νηπίων
1272 2381 1402 2423 dixit.
1459 2381 1584 2425 Alibi
1606 2379 1729 2434 ειρήν
1750 2381 1978 2434 scribitur,

173 2455 222 2488 ut
242 2445 388 2489 solent
408 2447 589 2489 nomina
607 2447 654 2488 in
678 2462 745 2502 ηπ.
